%YAML 1.1
%TAG !u! tag:unity3d.com,2011:
--- !u!29 &1
SceneSettings:
  m_ObjectHideFlags: 0
  m_PVSData: 
  m_QueryMode: 1
  m_PVSObjectsArray: []
  m_PVSPortalsArray: []
  m_OcclusionBakeSettings:
    viewCellSize: 1
    bakeMode: 2
    memoryUsage: 10485760
--- !u!104 &2
RenderSettings:
  m_Fog: 0
  m_FogColor: {r: .5, g: .5, b: .5, a: 1}
  m_FogMode: 3
  m_FogDensity: .00999999978
  m_LinearFogStart: 0
  m_LinearFogEnd: 300
  m_AmbientLight: {r: .200000003, g: .200000003, b: .200000003, a: 1}
  m_SkyboxMaterial: {fileID: 0}
  m_HaloStrength: .5
  m_FlareStrength: 1
  m_HaloTexture: {fileID: 0}
  m_SpotCookie: {fileID: 0}
  m_ObjectHideFlags: 0
--- !u!127 &3
LevelGameManager:
  m_ObjectHideFlags: 0
--- !u!157 &4
LightmapSettings:
  m_ObjectHideFlags: 0
  m_LightProbes: {fileID: 0}
  m_Lightmaps: []
  m_LightmapsMode: 1
  m_BakedColorSpace: 0
  m_UseDualLightmapsInForward: 0
  m_LightmapEditorSettings:
    m_Resolution: 50
    m_LastUsedResolution: 0
    m_TextureWidth: 1024
    m_TextureHeight: 1024
    m_BounceBoost: 1
    m_BounceIntensity: 1
    m_SkyLightColor: {r: .860000014, g: .930000007, b: 1, a: 1}
    m_SkyLightIntensity: 0
    m_Quality: 0
    m_Bounces: 1
    m_FinalGatherRays: 1000
    m_FinalGatherContrastThreshold: .0500000007
    m_FinalGatherGradientThreshold: 0
    m_FinalGatherInterpolationPoints: 15
    m_AOAmount: 0
    m_AOMaxDistance: .100000001
    m_AOContrast: 1
    m_LODSurfaceMappingDistance: 1
    m_Padding: 0
    m_TextureCompression: 0
    m_LockAtlas: 0
--- !u!196 &5
NavMeshSettings:
  m_ObjectHideFlags: 0
  m_BuildSettings:
    agentRadius: .5
    agentHeight: 2
    agentSlope: 45
    agentClimb: .400000006
    ledgeDropHeight: 0
    maxJumpAcrossDistance: 0
    accuratePlacement: 0
    minRegionArea: 2
    widthInaccuracy: 16.666666
    heightInaccuracy: 10
  m_NavMesh: {fileID: 0}
--- !u!1 &24213888
GameObject:
  m_ObjectHideFlags: 0
  m_PrefabParentObject: {fileID: 0}
  m_PrefabInternal: {fileID: 0}
  serializedVersion: 4
  m_Component:
  - 4: {fileID: 24213890}
  - 114: {fileID: 24213889}
  - 114: {fileID: 24213891}
  m_Layer: 0
  m_Name: Add Game Center Data
  m_TagString: Untagged
  m_Icon: {fileID: 0}
  m_NavMeshLayer: 0
  m_StaticEditorFlags: 0
  m_IsActive: 1
--- !u!114 &24213889
MonoBehaviour:
  m_ObjectHideFlags: 0
  m_PrefabParentObject: {fileID: 0}
  m_PrefabInternal: {fileID: 0}
  m_GameObject: {fileID: 24213888}
  m_Enabled: 1
  m_EditorHideFlags: 0
  m_Script: {fileID: 11500000, guid: 17e6b60e4241f9b49a5e4b25ba8cba32, type: 3}
  m_Name: 
  m_EditorClassIdentifier: 
  RectElement:
    serializedVersion: 2
    x: 0
    y: 0
    width: 0
    height: 0
  StartScale: 1
  UI_Data:
    ManualSize: {x: 150, y: 50}
    Text: Add Data
    Image: {fileID: 0}
    Content:
      m_Text: 
      m_Image: {fileID: 0}
      m_Tooltip: 
    Style:
      m_Name: 
      m_Normal:
        m_Background: {fileID: 0}
        m_TextColor: {r: 0, g: 0, b: 0, a: 1}
      m_Hover:
        m_Background: {fileID: 0}
        m_TextColor: {r: 0, g: 0, b: 0, a: 1}
      m_Active:
        m_Background: {fileID: 0}
        m_TextColor: {r: 0, g: 0, b: 0, a: 1}
      m_Focused:
        m_Background: {fileID: 0}
        m_TextColor: {r: 0, g: 0, b: 0, a: 1}
      m_OnNormal:
        m_Background: {fileID: 0}
        m_TextColor: {r: 0, g: 0, b: 0, a: 1}
      m_OnHover:
        m_Background: {fileID: 0}
        m_TextColor: {r: 0, g: 0, b: 0, a: 1}
      m_OnActive:
        m_Background: {fileID: 0}
        m_TextColor: {r: 0, g: 0, b: 0, a: 1}
      m_OnFocused:
        m_Background: {fileID: 0}
        m_TextColor: {r: 0, g: 0, b: 0, a: 1}
      m_Border:
        m_Left: 0
        m_Right: 0
        m_Top: 0
        m_Bottom: 0
      m_Margin:
        m_Left: 0
        m_Right: 0
        m_Top: 0
        m_Bottom: 0
      m_Padding:
        m_Left: 0
        m_Right: 0
        m_Top: 0
        m_Bottom: 0
      m_Overflow:
        m_Left: 0
        m_Right: 0
        m_Top: 0
        m_Bottom: 0
      m_Font: {fileID: 0}
      m_FontSize: -2147483648
      m_FontStyle: 0
      m_Alignment: 0
      m_WordWrap: 0
      m_RichText: 1
      m_TextClipping: 0
      m_ImagePosition: 0
      m_ContentOffset: {x: 0, y: 0}
      m_FixedWidth: 0
      m_FixedHeight: 0
      m_StretchWidth: 1
      m_StretchHeight: 0
  rectIdentification: 1
--- !u!4 &24213890
Transform:
  m_ObjectHideFlags: 0
  m_PrefabParentObject: {fileID: 0}
  m_PrefabInternal: {fileID: 0}
  m_GameObject: {fileID: 24213888}
  m_LocalRotation: {x: 0, y: 0, z: 0, w: 1}
  m_LocalPosition: {x: 0, y: 0, z: 0}
  m_LocalScale: {x: 1, y: 1, z: 1}
  m_Children: []
  m_Father: {fileID: 251918033}
--- !u!114 &24213891
MonoBehaviour:
  m_ObjectHideFlags: 0
  m_PrefabParentObject: {fileID: 0}
  m_PrefabInternal: {fileID: 0}
  m_GameObject: {fileID: 24213888}
  m_Enabled: 1
  m_EditorHideFlags: 0
  m_Script: {fileID: 11500000, guid: 92389858248dd4c238955122c7df4293, type: 3}
  m_Name: 
  m_EditorClassIdentifier: 
  m_EditorClassIdentifier: 
  buttonInit: 0
--- !u!1001 &177202739
Prefab:
  m_ObjectHideFlags: 0
  serializedVersion: 2
  m_Modification:
    m_TransformParent: {fileID: 786503350}
    m_Modifications:
    - target: {fileID: 400000, guid: e9cf98796728c461f9d15f334e8167f8, type: 2}
      propertyPath: m_LocalPosition.x
      value: 0
      objectReference: {fileID: 0}
    - target: {fileID: 400000, guid: e9cf98796728c461f9d15f334e8167f8, type: 2}
      propertyPath: m_LocalPosition.y
      value: 1.10565567
      objectReference: {fileID: 0}
    - target: {fileID: 400000, guid: e9cf98796728c461f9d15f334e8167f8, type: 2}
      propertyPath: m_LocalPosition.z
      value: 0
      objectReference: {fileID: 0}
    - target: {fileID: 400000, guid: e9cf98796728c461f9d15f334e8167f8, type: 2}
      propertyPath: m_LocalRotation.x
      value: 0
      objectReference: {fileID: 0}
    - target: {fileID: 400000, guid: e9cf98796728c461f9d15f334e8167f8, type: 2}
      propertyPath: m_LocalRotation.y
      value: 0
      objectReference: {fileID: 0}
    - target: {fileID: 400000, guid: e9cf98796728c461f9d15f334e8167f8, type: 2}
      propertyPath: m_LocalRotation.z
      value: 0
      objectReference: {fileID: 0}
    - target: {fileID: 400000, guid: e9cf98796728c461f9d15f334e8167f8, type: 2}
      propertyPath: m_LocalRotation.w
      value: 1
      objectReference: {fileID: 0}
    m_RemovedComponents: []
  m_ParentPrefab: {fileID: 100100000, guid: e9cf98796728c461f9d15f334e8167f8, type: 2}
  m_RootGameObject: {fileID: 2030768058}
  m_IsPrefabParent: 0
  m_IsExploded: 1
--- !u!1 &251918032
GameObject:
  m_ObjectHideFlags: 0
  m_PrefabParentObject: {fileID: 0}
  m_PrefabInternal: {fileID: 0}
  serializedVersion: 4
  m_Component:
  - 4: {fileID: 251918033}
  - 114: {fileID: 251918034}
  m_Layer: 0
  m_Name: UIPanel
  m_TagString: Untagged
  m_Icon: {fileID: 0}
  m_NavMeshLayer: 0
  m_StaticEditorFlags: 0
  m_IsActive: 1
--- !u!4 &251918033
Transform:
  m_ObjectHideFlags: 0
  m_PrefabParentObject: {fileID: 0}
  m_PrefabInternal: {fileID: 0}
  m_GameObject: {fileID: 251918032}
  m_LocalRotation: {x: 0, y: 0, z: 0, w: 1}
  m_LocalPosition: {x: 0, y: 0, z: 0}
  m_LocalScale: {x: 1, y: 1, z: 1}
  m_Children:
  - {fileID: 24213890}
  - {fileID: 1516658389}
  - {fileID: 1711443504}
  m_Father: {fileID: 2133743241}
--- !u!114 &251918034
MonoBehaviour:
  m_ObjectHideFlags: 0
  m_PrefabParentObject: {fileID: 0}
  m_PrefabInternal: {fileID: 0}
  m_GameObject: {fileID: 251918032}
  m_Enabled: 1
  m_EditorHideFlags: 0
  m_Script: {fileID: 11500000, guid: 55d51fc97ad9333418f5a69ca8111ac9, type: 3}
  m_Name: 
  m_EditorClassIdentifier: 
  consideYReposition: 0
--- !u!1 &281920840
GameObject:
  m_ObjectHideFlags: 0
  m_PrefabParentObject: {fileID: 100000, guid: 618fec5b7bb8342b9abd679efbbd23eb, type: 2}
  m_PrefabInternal: {fileID: 1804967882}
  serializedVersion: 4
  m_Component:
  - 4: {fileID: 281920841}
  - 114: {fileID: 281920842}
  m_Layer: 0
  m_Name: ChartboostEventListener
  m_TagString: Untagged
  m_Icon: {fileID: 0}
  m_NavMeshLayer: 0
  m_StaticEditorFlags: 0
  m_IsActive: 1
--- !u!4 &281920841
Transform:
  m_ObjectHideFlags: 0
  m_PrefabParentObject: {fileID: 400000, guid: 618fec5b7bb8342b9abd679efbbd23eb, type: 2}
  m_PrefabInternal: {fileID: 1804967882}
  m_GameObject: {fileID: 281920840}
  m_LocalRotation: {x: 0, y: 0, z: 0, w: 1}
  m_LocalPosition: {x: 0, y: 0, z: -9.53674316e-07}
  m_LocalScale: {x: 1, y: 1, z: 1}
  m_Children: []
  m_Father: {fileID: 786503350}
--- !u!114 &281920842
MonoBehaviour:
  m_ObjectHideFlags: 0
  m_PrefabParentObject: {fileID: 11400000, guid: 618fec5b7bb8342b9abd679efbbd23eb,
    type: 2}
  m_PrefabInternal: {fileID: 1804967882}
  m_GameObject: {fileID: 281920840}
  m_Enabled: 1
  m_EditorHideFlags: 0
  m_Script: {fileID: 11500000, guid: 8fdf55ae9f98a4d3794ee6ae2961b3d0, type: 3}
  m_Name: 
  m_EditorClassIdentifier: 
  m_EditorClassIdentifier: 
--- !u!1 &383662996
GameObject:
  m_ObjectHideFlags: 0
  m_PrefabParentObject: {fileID: 100002, guid: 618fec5b7bb8342b9abd679efbbd23eb, type: 2}
  m_PrefabInternal: {fileID: 1804967882}
  serializedVersion: 4
  m_Component:
  - 4: {fileID: 383662997}
  - 114: {fileID: 383662998}
  m_Layer: 0
  m_Name: EtceteraEventListener
  m_TagString: Untagged
  m_Icon: {fileID: 0}
  m_NavMeshLayer: 0
  m_StaticEditorFlags: 0
  m_IsActive: 1
--- !u!4 &383662997
Transform:
  m_ObjectHideFlags: 0
  m_PrefabParentObject: {fileID: 400002, guid: 618fec5b7bb8342b9abd679efbbd23eb, type: 2}
  m_PrefabInternal: {fileID: 1804967882}
  m_GameObject: {fileID: 383662996}
  m_LocalRotation: {x: 0, y: 0, z: 0, w: 1}
  m_LocalPosition: {x: -354.335297, y: 172.346497, z: 49.9999962}
  m_LocalScale: {x: 1, y: 1, z: 1}
  m_Children: []
  m_Father: {fileID: 786503350}
--- !u!114 &383662998
MonoBehaviour:
  m_ObjectHideFlags: 0
  m_PrefabParentObject: {fileID: 11400002, guid: 618fec5b7bb8342b9abd679efbbd23eb,
    type: 2}
  m_PrefabInternal: {fileID: 1804967882}
  m_GameObject: {fileID: 383662996}
  m_Enabled: 1
  m_EditorHideFlags: 0
  m_Script: {fileID: 11500000, guid: 84972da60d1fd484c916b868aa19741d, type: 3}
  m_Name: 
  m_EditorClassIdentifier: 
  m_EditorClassIdentifier: 
--- !u!1 &786503349
GameObject:
  m_ObjectHideFlags: 0
  m_PrefabParentObject: {fileID: 100004, guid: 618fec5b7bb8342b9abd679efbbd23eb, type: 2}
  m_PrefabInternal: {fileID: 1804967882}
  serializedVersion: 4
  m_Component:
  - 4: {fileID: 786503350}
  - 114: {fileID: 786503351}
  m_Layer: 0
  m_Name: AdManager
  m_TagString: Untagged
  m_Icon: {fileID: 0}
  m_NavMeshLayer: 0
  m_StaticEditorFlags: 0
  m_IsActive: 1
--- !u!4 &786503350
Transform:
  m_ObjectHideFlags: 0
  m_PrefabParentObject: {fileID: 400004, guid: 618fec5b7bb8342b9abd679efbbd23eb, type: 2}
  m_PrefabInternal: {fileID: 1804967882}
  m_GameObject: {fileID: 786503349}
  m_LocalRotation: {x: 0, y: 0, z: 0, w: 1}
  m_LocalPosition: {x: -54.9729919, y: -106.124062, z: 52.3602829}
  m_LocalScale: {x: 1, y: 1, z: 1}
  m_Children:
  - {fileID: 281920841}
  - {fileID: 383662997}
  - {fileID: 1530105532}
  - {fileID: 1913338530}
  - {fileID: 1313000055}
  - {fileID: 2030768059}
  m_Father: {fileID: 0}
--- !u!114 &786503351
MonoBehaviour:
  m_ObjectHideFlags: 0
  m_PrefabParentObject: {fileID: 11400004, guid: 618fec5b7bb8342b9abd679efbbd23eb,
    type: 2}
  m_PrefabInternal: {fileID: 1804967882}
  m_GameObject: {fileID: 786503349}
  m_Enabled: 1
  m_EditorHideFlags: 0
  m_Script: {fileID: 11500000, guid: 3fa0bba57969640f8aec59a06bd0c42f, type: 3}
  m_Name: 
  m_EditorClassIdentifier: 
  m_EditorClassIdentifier: 
  isPaid: 0
  appIs: 0
  googleIAB_enabled: 0
--- !u!1 &1102979762
GameObject:
  m_ObjectHideFlags: 0
  m_PrefabParentObject: {fileID: 0}
  m_PrefabInternal: {fileID: 0}
  serializedVersion: 4
  m_Component:
  - 4: {fileID: 1102979763}
  - 20: {fileID: 1102979765}
  - 114: {fileID: 1102979764}
  m_Layer: 0
  m_Name: UICamera
  m_TagString: Untagged
  m_Icon: {fileID: 0}
  m_NavMeshLayer: 0
  m_StaticEditorFlags: 0
  m_IsActive: 1
--- !u!4 &1102979763
Transform:
  m_ObjectHideFlags: 0
  m_PrefabParentObject: {fileID: 0}
  m_PrefabInternal: {fileID: 0}
  m_GameObject: {fileID: 1102979762}
  m_LocalRotation: {x: 0, y: 0, z: 0, w: 1}
  m_LocalPosition: {x: 0, y: 0, z: 0}
  m_LocalScale: {x: 1, y: 1, z: 1}
  m_Children:
  - {fileID: 2133743241}
  m_Father: {fileID: 0}
--- !u!114 &1102979764
MonoBehaviour:
  m_ObjectHideFlags: 0
  m_PrefabParentObject: {fileID: 0}
  m_PrefabInternal: {fileID: 0}
  m_GameObject: {fileID: 1102979762}
  m_Enabled: 1
  m_EditorHideFlags: 0
  m_Script: {fileID: 11500000, guid: 8d07ff1b1830e8c49ba6fe7bd0ac66b3, type: 3}
  m_Name: 
  m_EditorClassIdentifier: 
  TargetResolution: {x: 711, y: 948}
--- !u!20 &1102979765
Camera:
  m_ObjectHideFlags: 0
  m_PrefabParentObject: {fileID: 0}
  m_PrefabInternal: {fileID: 0}
  m_GameObject: {fileID: 1102979762}
  m_Enabled: 1
  serializedVersion: 2
  m_ClearFlags: 2
  m_BackGroundColor: {r: .192156866, g: .301960796, b: .474509805, a: .0196078438}
  m_NormalizedViewPortRect:
    serializedVersion: 2
    x: 0
    y: 0
    width: 1
    height: 1
  near clip plane: .300000012
  far clip plane: 1000
  field of view: 60
  orthographic: 1
  orthographic size: 100
  m_Depth: 0
  m_CullingMask:
    serializedVersion: 2
    m_Bits: 4294967295
  m_RenderingPath: -1
  m_TargetTexture: {fileID: 0}
  m_HDR: 0
--- !u!1 &1313000054
GameObject:
  m_ObjectHideFlags: 0
  m_PrefabParentObject: {fileID: 100006, guid: 618fec5b7bb8342b9abd679efbbd23eb, type: 2}
  m_PrefabInternal: {fileID: 1804967882}
  serializedVersion: 4
  m_Component:
  - 4: {fileID: 1313000055}
  - 114: {fileID: 1313000056}
  m_Layer: 0
  m_Name: StoreKitEventListener
  m_TagString: Untagged
  m_Icon: {fileID: 0}
  m_NavMeshLayer: 0
  m_StaticEditorFlags: 0
  m_IsActive: 1
--- !u!4 &1313000055
Transform:
  m_ObjectHideFlags: 0
  m_PrefabParentObject: {fileID: 400006, guid: 618fec5b7bb8342b9abd679efbbd23eb, type: 2}
  m_PrefabInternal: {fileID: 1804967882}
  m_GameObject: {fileID: 1313000054}
  m_LocalRotation: {x: 0, y: 0, z: 0, w: 1}
  m_LocalPosition: {x: 54.9729919, y: 106.124062, z: -52.3602829}
  m_LocalScale: {x: 1, y: 1, z: 1}
  m_Children: []
  m_Father: {fileID: 786503350}
--- !u!114 &1313000056
MonoBehaviour:
  m_ObjectHideFlags: 0
  m_PrefabParentObject: {fileID: 11400006, guid: 618fec5b7bb8342b9abd679efbbd23eb,
    type: 2}
  m_PrefabInternal: {fileID: 1804967882}
  m_GameObject: {fileID: 1313000054}
  m_Enabled: 1
  m_EditorHideFlags: 0
  m_Script: {fileID: 11500000, guid: 5eb56a384b40947d5899bccab74468d5, type: 3}
  m_Name: 
  m_EditorClassIdentifier: 
  m_EditorClassIdentifier: 
--- !u!1 &1516658388
GameObject:
  m_ObjectHideFlags: 0
  m_PrefabParentObject: {fileID: 0}
  m_PrefabInternal: {fileID: 0}
  serializedVersion: 4
  m_Component:
  - 4: {fileID: 1516658389}
  - 114: {fileID: 1516658390}
  - 114: {fileID: 1516658391}
  m_Layer: 0
  m_Name: List Game Center Data
  m_TagString: Untagged
  m_Icon: {fileID: 0}
  m_NavMeshLayer: 0
  m_StaticEditorFlags: 0
  m_IsActive: 1
--- !u!4 &1516658389
Transform:
  m_ObjectHideFlags: 0
  m_PrefabParentObject: {fileID: 0}
  m_PrefabInternal: {fileID: 0}
  m_GameObject: {fileID: 1516658388}
  m_LocalRotation: {x: 0, y: 0, z: 0, w: 1}
  m_LocalPosition: {x: 0, y: -13.9899998, z: 0}
  m_LocalScale: {x: 1, y: 1, z: 1}
  m_Children: []
  m_Father: {fileID: 251918033}
--- !u!114 &1516658390
MonoBehaviour:
  m_ObjectHideFlags: 0
  m_PrefabParentObject: {fileID: 0}
  m_PrefabInternal: {fileID: 0}
  m_GameObject: {fileID: 1516658388}
  m_Enabled: 1
  m_EditorHideFlags: 0
  m_Script: {fileID: 11500000, guid: 17e6b60e4241f9b49a5e4b25ba8cba32, type: 3}
  m_Name: 
  m_EditorClassIdentifier: 
  RectElement:
    serializedVersion: 2
    x: 0
    y: 0
    width: 0
    height: 0
  StartScale: 1
  UI_Data:
    ManualSize: {x: 150, y: 50}
    Text: List Data
    Image: {fileID: 0}
    Content:
      m_Text: 
      m_Image: {fileID: 0}
      m_Tooltip: 
    Style:
      m_Name: 
      m_Normal:
        m_Background: {fileID: 0}
        m_TextColor: {r: 0, g: 0, b: 0, a: 1}
      m_Hover:
        m_Background: {fileID: 0}
        m_TextColor: {r: 0, g: 0, b: 0, a: 1}
      m_Active:
        m_Background: {fileID: 0}
        m_TextColor: {r: 0, g: 0, b: 0, a: 1}
      m_Focused:
        m_Background: {fileID: 0}
        m_TextColor: {r: 0, g: 0, b: 0, a: 1}
      m_OnNormal:
        m_Background: {fileID: 0}
        m_TextColor: {r: 0, g: 0, b: 0, a: 1}
      m_OnHover:
        m_Background: {fileID: 0}
        m_TextColor: {r: 0, g: 0, b: 0, a: 1}
      m_OnActive:
        m_Background: {fileID: 0}
        m_TextColor: {r: 0, g: 0, b: 0, a: 1}
      m_OnFocused:
        m_Background: {fileID: 0}
        m_TextColor: {r: 0, g: 0, b: 0, a: 1}
      m_Border:
        m_Left: 0
        m_Right: 0
        m_Top: 0
        m_Bottom: 0
      m_Margin:
        m_Left: 0
        m_Right: 0
        m_Top: 0
        m_Bottom: 0
      m_Padding:
        m_Left: 0
        m_Right: 0
        m_Top: 0
        m_Bottom: 0
      m_Overflow:
        m_Left: 0
        m_Right: 0
        m_Top: 0
        m_Bottom: 0
      m_Font: {fileID: 0}
      m_FontSize: 0
      m_FontStyle: 0
      m_Alignment: 0
      m_WordWrap: 0
      m_RichText: 1
      m_TextClipping: 0
      m_ImagePosition: 0
      m_ContentOffset: {x: 0, y: 0}
      m_FixedWidth: 0
      m_FixedHeight: 0
      m_StretchWidth: 1
      m_StretchHeight: 0
  rectIdentification: 1
--- !u!114 &1516658391
MonoBehaviour:
  m_ObjectHideFlags: 0
  m_PrefabParentObject: {fileID: 0}
  m_PrefabInternal: {fileID: 0}
  m_GameObject: {fileID: 1516658388}
  m_Enabled: 1
  m_EditorHideFlags: 0
  m_Script: {fileID: 11500000, guid: 92389858248dd4c238955122c7df4293, type: 3}
  m_Name: 
  m_EditorClassIdentifier: 
  m_EditorClassIdentifier: 
  buttonInit: 0
--- !u!1 &1530105531
GameObject:
  m_ObjectHideFlags: 0
  m_PrefabParentObject: {fileID: 100008, guid: 618fec5b7bb8342b9abd679efbbd23eb, type: 2}
  m_PrefabInternal: {fileID: 1804967882}
  serializedVersion: 4
  m_Component:
  - 4: {fileID: 1530105532}
  - 114: {fileID: 1530105533}
  m_Layer: 0
  m_Name: FacebookEventListener
  m_TagString: Untagged
  m_Icon: {fileID: 0}
  m_NavMeshLayer: 0
  m_StaticEditorFlags: 0
  m_IsActive: 1
--- !u!4 &1530105532
Transform:
  m_ObjectHideFlags: 0
  m_PrefabParentObject: {fileID: 400008, guid: 618fec5b7bb8342b9abd679efbbd23eb, type: 2}
  m_PrefabInternal: {fileID: 1804967882}
  m_GameObject: {fileID: 1530105531}
  m_LocalRotation: {x: 0, y: 0, z: 0, w: 1}
  m_LocalPosition: {x: 0, y: 0, z: -9.53674316e-07}
  m_LocalScale: {x: 1, y: 1, z: 1}
  m_Children: []
  m_Father: {fileID: 786503350}
--- !u!114 &1530105533
MonoBehaviour:
  m_ObjectHideFlags: 0
  m_PrefabParentObject: {fileID: 11400008, guid: 618fec5b7bb8342b9abd679efbbd23eb,
    type: 2}
  m_PrefabInternal: {fileID: 1804967882}
  m_GameObject: {fileID: 1530105531}
  m_Enabled: 1
  m_EditorHideFlags: 0
  m_Script: {fileID: 11500000, guid: 74733d0c0c61746839c54763c486a230, type: 3}
  m_Name: 
  m_EditorClassIdentifier: 
  m_EditorClassIdentifier: 
--- !u!1 &1711443503
GameObject:
  m_ObjectHideFlags: 0
  m_PrefabParentObject: {fileID: 0}
  m_PrefabInternal: {fileID: 0}
  serializedVersion: 4
  m_Component:
  - 4: {fileID: 1711443504}
  - 114: {fileID: 1711443506}
  - 114: {fileID: 1711443505}
  m_Layer: 0
  m_Name: Post FB
  m_TagString: Untagged
  m_Icon: {fileID: 0}
  m_NavMeshLayer: 0
  m_StaticEditorFlags: 0
  m_IsActive: 1
--- !u!4 &1711443504
Transform:
  m_ObjectHideFlags: 0
  m_PrefabParentObject: {fileID: 0}
  m_PrefabInternal: {fileID: 0}
  m_GameObject: {fileID: 1711443503}
  m_LocalRotation: {x: 0, y: 0, z: 0, w: 1}
  m_LocalPosition: {x: 0, y: -27.7000008, z: 0}
  m_LocalScale: {x: 1, y: 1, z: 1}
  m_Children: []
  m_Father: {fileID: 251918033}
--- !u!114 &1711443505
MonoBehaviour:
  m_ObjectHideFlags: 0
  m_PrefabParentObject: {fileID: 0}
  m_PrefabInternal: {fileID: 0}
  m_GameObject: {fileID: 1711443503}
  m_Enabled: 1
  m_EditorHideFlags: 0
  m_Script: {fileID: 11500000, guid: 92389858248dd4c238955122c7df4293, type: 3}
  m_Name: 
  m_EditorClassIdentifier: 
  m_EditorClassIdentifier: 
  buttonInit: 2
--- !u!114 &1711443506
MonoBehaviour:
  m_ObjectHideFlags: 0
  m_PrefabParentObject: {fileID: 0}
  m_PrefabInternal: {fileID: 0}
  m_GameObject: {fileID: 1711443503}
  m_Enabled: 1
  m_EditorHideFlags: 0
  m_Script: {fileID: 11500000, guid: 17e6b60e4241f9b49a5e4b25ba8cba32, type: 3}
  m_Name: 
  m_EditorClassIdentifier: 
  RectElement:
    serializedVersion: 2
    x: 0
    y: 0
    width: 0
    height: 0
  StartScale: 1
  UI_Data:
    ManualSize: {x: 150, y: 50}
    Text: Post FB
    Image: {fileID: 0}
    Content:
      m_Text: 
      m_Image: {fileID: 0}
      m_Tooltip: 
    Style:
      m_Name: 
      m_Normal:
        m_Background: {fileID: 0}
        m_TextColor: {r: 0, g: 0, b: 0, a: 1}
      m_Hover:
        m_Background: {fileID: 0}
        m_TextColor: {r: 0, g: 0, b: 0, a: 1}
      m_Active:
        m_Background: {fileID: 0}
        m_TextColor: {r: 0, g: 0, b: 0, a: 1}
      m_Focused:
        m_Background: {fileID: 0}
        m_TextColor: {r: 0, g: 0, b: 0, a: 1}
      m_OnNormal:
        m_Background: {fileID: 0}
        m_TextColor: {r: 0, g: 0, b: 0, a: 1}
      m_OnHover:
        m_Background: {fileID: 0}
        m_TextColor: {r: 0, g: 0, b: 0, a: 1}
      m_OnActive:
        m_Background: {fileID: 0}
        m_TextColor: {r: 0, g: 0, b: 0, a: 1}
      m_OnFocused:
        m_Background: {fileID: 0}
        m_TextColor: {r: 0, g: 0, b: 0, a: 1}
      m_Border:
        m_Left: 0
        m_Right: 0
        m_Top: 0
        m_Bottom: 0
      m_Margin:
        m_Left: 0
        m_Right: 0
        m_Top: 0
        m_Bottom: 0
      m_Padding:
        m_Left: 0
        m_Right: 0
        m_Top: 0
        m_Bottom: 0
      m_Overflow:
        m_Left: 0
        m_Right: 0
        m_Top: 0
        m_Bottom: 0
      m_Font: {fileID: 0}
      m_FontSize: 0
      m_FontStyle: 0
      m_Alignment: 0
      m_WordWrap: 0
      m_RichText: 1
      m_TextClipping: 0
      m_ImagePosition: 0
      m_ContentOffset: {x: 0, y: 0}
      m_FixedWidth: 0
      m_FixedHeight: 0
      m_StretchWidth: 1
      m_StretchHeight: 0
  rectIdentification: 1
--- !u!1001 &1804967882
Prefab:
  m_ObjectHideFlags: 0
  serializedVersion: 2
  m_Modification:
    m_TransformParent: {fileID: 0}
    m_Modifications:
    - target: {fileID: 400004, guid: 618fec5b7bb8342b9abd679efbbd23eb, type: 2}
      propertyPath: m_LocalPosition.x
      value: -54.9729919
      objectReference: {fileID: 0}
    - target: {fileID: 400004, guid: 618fec5b7bb8342b9abd679efbbd23eb, type: 2}
      propertyPath: m_LocalPosition.y
      value: -106.124062
      objectReference: {fileID: 0}
    - target: {fileID: 400004, guid: 618fec5b7bb8342b9abd679efbbd23eb, type: 2}
      propertyPath: m_LocalPosition.z
      value: 52.3602829
      objectReference: {fileID: 0}
    - target: {fileID: 400004, guid: 618fec5b7bb8342b9abd679efbbd23eb, type: 2}
      propertyPath: m_LocalRotation.x
      value: 0
      objectReference: {fileID: 0}
    - target: {fileID: 400004, guid: 618fec5b7bb8342b9abd679efbbd23eb, type: 2}
      propertyPath: m_LocalRotation.y
      value: 0
      objectReference: {fileID: 0}
    - target: {fileID: 400004, guid: 618fec5b7bb8342b9abd679efbbd23eb, type: 2}
      propertyPath: m_LocalRotation.z
      value: 0
      objectReference: {fileID: 0}
    - target: {fileID: 400004, guid: 618fec5b7bb8342b9abd679efbbd23eb, type: 2}
      propertyPath: m_LocalRotation.w
      value: 1
      objectReference: {fileID: 0}
    m_RemovedComponents: []
  m_ParentPrefab: {fileID: 100100000, guid: 618fec5b7bb8342b9abd679efbbd23eb, type: 2}
  m_RootGameObject: {fileID: 786503349}
  m_IsPrefabParent: 0
  m_IsExploded: 1
--- !u!1 &1913338528
GameObject:
  m_ObjectHideFlags: 0
  m_PrefabParentObject: {fileID: 100010, guid: 618fec5b7bb8342b9abd679efbbd23eb, type: 2}
  m_PrefabInternal: {fileID: 1804967882}
  serializedVersion: 4
  m_Component:
  - 4: {fileID: 1913338530}
  - 114: {fileID: 1913338529}
  m_Layer: 0
  m_Name: GameCenterEventListener
  m_TagString: Untagged
  m_Icon: {fileID: 0}
  m_NavMeshLayer: 0
  m_StaticEditorFlags: 0
  m_IsActive: 1
--- !u!114 &1913338529
MonoBehaviour:
  m_ObjectHideFlags: 0
  m_PrefabParentObject: {fileID: 11400010, guid: 618fec5b7bb8342b9abd679efbbd23eb,
    type: 2}
  m_PrefabInternal: {fileID: 1804967882}
  m_GameObject: {fileID: 1913338528}
  m_Enabled: 1
  m_EditorHideFlags: 0
  m_Script: {fileID: 11500000, guid: ecd57438c8ce140bfb67540d5d6b8927, type: 3}
  m_Name: 
  m_EditorClassIdentifier: 
  m_EditorClassIdentifier: 
--- !u!4 &1913338530
Transform:
  m_ObjectHideFlags: 0
  m_PrefabParentObject: {fileID: 400010, guid: 618fec5b7bb8342b9abd679efbbd23eb, type: 2}
  m_PrefabInternal: {fileID: 1804967882}
  m_GameObject: {fileID: 1913338528}
  m_LocalRotation: {x: 0, y: 0, z: 0, w: 1}
  m_LocalPosition: {x: 0, y: 1.10565567, z: 0}
  m_LocalScale: {x: 1, y: 1, z: 1}
  m_Children: []
  m_Father: {fileID: 786503350}
--- !u!1 &2030768058
GameObject:
  m_ObjectHideFlags: 0
  m_PrefabParentObject: {fileID: 100000, guid: e9cf98796728c461f9d15f334e8167f8, type: 2}
  m_PrefabInternal: {fileID: 177202739}
  serializedVersion: 4
  m_Component:
  - 4: {fileID: 2030768059}
  - 114: {fileID: 2030768060}
  m_Layer: 0
  m_Name: MoPubEventListener
  m_TagString: Untagged
  m_Icon: {fileID: 0}
  m_NavMeshLayer: 0
  m_StaticEditorFlags: 0
  m_IsActive: 1
--- !u!4 &2030768059
Transform:
  m_ObjectHideFlags: 0
  m_PrefabParentObject: {fileID: 400000, guid: e9cf98796728c461f9d15f334e8167f8, type: 2}
  m_PrefabInternal: {fileID: 177202739}
  m_GameObject: {fileID: 2030768058}
  m_LocalRotation: {x: 0, y: 0, z: 0, w: 1}
  m_LocalPosition: {x: 0, y: 1.10565567, z: 0}
  m_LocalScale: {x: 1, y: 1, z: 1}
  m_Children: []
  m_Father: {fileID: 786503350}
--- !u!114 &2030768060
MonoBehaviour:
  m_ObjectHideFlags: 0
  m_PrefabParentObject: {fileID: 11400000, guid: e9cf98796728c461f9d15f334e8167f8,
    type: 2}
  m_PrefabInternal: {fileID: 177202739}
  m_GameObject: {fileID: 2030768058}
  m_Enabled: 1
  m_EditorHideFlags: 0
  m_Script: {fileID: 11500000, guid: 8d408ba6370034dfda4c8ef17a6ed362, type: 3}
  m_Name: 
  m_EditorClassIdentifier: 
  m_EditorClassIdentifier: 
--- !u!1 &2133743239
GameObject:
  m_ObjectHideFlags: 0
  m_PrefabParentObject: {fileID: 0}
  m_PrefabInternal: {fileID: 0}
  serializedVersion: 4
  m_Component:
  - 4: {fileID: 2133743241}
  - 114: {fileID: 2133743240}
  m_Layer: 0
  m_Name: UIController
  m_TagString: Untagged
  m_Icon: {fileID: 0}
  m_NavMeshLayer: 0
  m_StaticEditorFlags: 0
  m_IsActive: 1
--- !u!114 &2133743240
MonoBehaviour:
  m_ObjectHideFlags: 0
  m_PrefabParentObject: {fileID: 0}
  m_PrefabInternal: {fileID: 0}
  m_GameObject: {fileID: 2133743239}
  m_Enabled: 1
  m_EditorHideFlags: 0
  m_Script: {fileID: 11500000, guid: 7d2694dfec79bbe43ae42dc11ecd5348, type: 3}
  m_Name: 
  m_EditorClassIdentifier: 
--- !u!4 &2133743241
Transform:
  m_ObjectHideFlags: 0
  m_PrefabParentObject: {fileID: 0}
  m_PrefabInternal: {fileID: 0}
  m_GameObject: {fileID: 2133743239}
  m_LocalRotation: {x: 0, y: 0, z: 0, w: 1}
  m_LocalPosition: {x: 0, y: 0, z: 0}
  m_LocalScale: {x: 1, y: 1, z: 1}
  m_Children:
  - {fileID: 251918033}
  m_Father: {fileID: 1102979763}
